<?xml version="1.0" encoding="UTF-8"?><record xmlns="http://www.loc.gov/MARC21/slim" xmlns:cinclude="http://apache.org/cocoon/include/1.0" xmlns:zs="http://www.loc.gov/zing/srw/">
  <leader>00368nz  a2200121n  4500</leader>
  <controlfield tag="001">nb 99004782 </controlfield>
  <controlfield tag="003">DLC</controlfield>
  <controlfield tag="005">19990105051415.4</controlfield>
  <controlfield tag="008">990104n| acannaab|          |n aaa     c</controlfield>
  <datafield tag="010" ind1=" " ind2=" ">
    <subfield code="a">nb 99004782 </subfield>
  </datafield>
  <datafield tag="040" ind1=" " ind2=" ">
    <subfield code="a">Uk</subfield>
    <subfield code="c">Uk</subfield>
  </datafield>
  <datafield tag="100" ind1="1" ind2="0">
    <subfield code="a">Mattey, Michael</subfield>
  </datafield>
  <datafield tag="670" ind1=" " ind2=" ">
    <subfield code="a">Citric acid biotechnology, 1999:</subfield>
    <subfield code="b">t.p. (Michael Mattey, Dept. of Bioscience &amp; Biotechnology, Univ. of Strathclyde, UK)</subfield>
  </datafield>
</record>